@online{redhat,
	title = {Live Migrating {QEMU}-{KVM} Virtual Machines},
	url = {https://developers.redhat.com/blog/2015/03/24/live-migrating-qemu-kvm-virtual-machines},
	abstract = {Live migrating virtual machines is an interesting ongoing topic for virtualization: guests keep getting bigger (more {vCPUs}, more {RAM}), and demands on the uptime for guests keep getting stricter (no long pauses between a {VM} migrating from one host to another).},
	titleaddon = {Red Hat Developer},
	urldate = {2021-07-27},
	date = {2015-03-24},
	langid = {english},
	file = {Snapshot:/home/dev/Zotero/storage/HIL32QBK/live-migrating-qemu-kvm-virtual-machines.html:text/html},
}

@manual{cdc,
  title        = {Cahier des charges},
  author       = {Blin Antoine}
}

@manual{usecase,
  title        = {Définition des cas d’usage},
  author       = {Blin Antoine}
}

@online{qemu,
	title = {Migration — {QEMU} 6.0.91 documentation},
	url = {https://qemu.readthedocs.io/en/latest/devel/migration.html},
	urldate = {2021-08-02},
	file = {Migration — QEMU 6.0.91 documentation:/home/dev/Zotero/storage/B7X4K85F/migration.html:text/html},
}

@online{struct,
	title = {qemu memory migration format\_Take Easy, Work Hard! -{CSDN} blog},
	url = {https://blog.csdn.net/huang987246510/article/details/103791410},
	urldate = {2021-08-02},
	file = {qemu memory migration format_Take Easy, Work Hard! -CSDN blog:/home/dev/Zotero/storage/4UKZ8XU7/103791410.html:text/html},
}
@online{kvmbook,
	title = {Mastering {KVM} Virtualization [Book]},
	url = {https://www.oreilly.com/library/view/mastering-kvm-virtualization/9781784399054/},
	abstract = {Dive in to the cutting edge techniques of Linux {KVM} virtualization, and build the virtualization solutions your datacentre demands Key Features Become an expert in Linux virtualization Migrate your virtualized … - Selection from Mastering {KVM} Virtualization [Book]},
	urldate = {2021-08-31},
	langid = {english},
	note = {{ISBN}: 9781784399054},
}